@inproceedings{greedy, 
author={D. Pomeranz and M. Shemesh and O. Ben-Shahar}, 
booktitle={CVPR 2011}, 
title={A fully automated greedy square jigsaw puzzle solver}, 
year={2011}, 
pages={9-16},
doi={10.1109/CVPR.2011.5995331}, 
ISSN={1063-6919}, 
month=Jun,}

@inproceedings{robust, 
author={D. Mondal and Y. Wang and S. Durocher}, 
booktitle={2013 International Conference on Computer and Robot Vision}, 
title={Robust Solvers for Square Jigsaw Puzzles}, 
year={2013}, 
pages={249-256},
doi={10.1109/CRV.2013.54}, 
month=May,}

@INPROCEEDINGS{Gallagher, 
author={A. C. Gallagher}, 
booktitle={2012 IEEE Conference on Computer Vision and Pattern Recognition}, 
title={Jigsaw puzzles with pieces of unknown orientation}, 
year={2012}, 
pages={382-389},
doi={10.1109/CVPR.2012.6247699}, 
ISSN={1063-6919}, 
month=Jun,}

@article{shape,
title = "A shape and image merging technique to solve jigsaw puzzles ",
journal = "Pattern Recognition Letters ",
volume = "24",
number = "12",
pages = "1819 - 1835",
year = "2003",
note = "",
ISSN = "0167-8655",
doi = {10.1016/S0167-8655(03)00006-0},
author = "Feng-Hui Yao and Gui-Feng Shao",
}

@INPROCEEDINGS{cho, 
author={T. S. Cho and S. Avidan and W. T. Freeman}, 
booktitle={2010 IEEE Computer Society Conference on Computer Vision and Pattern Recognition}, 
title={A probabilistic image jigsaw puzzle solver}, 
year={2010}, 
pages={183-190},
doi={10.1109/CVPR.2010.5540212}, 
ISSN={1063-6919}, 
month=Jun,}
